% This file was created with JabRef 2.6.
% Encoding: UTF-8

@inproceedings{lu,
  title={Learning from mistakes: a comprehensive study on real world concurrency bug characteristics},
  author={Lu, Shan and Park, Soyeon and Seo, Eunsoo and Zhou, Yuanyuan},
  booktitle={ACM Sigplan Notices},
  volume={43},
  number={3},
  pages={329--339},
  year={2008},
  organization={ACM}
}

@article{singhal,
  title={Deadlock detection in distributed systems},
  author={Singhal, Mukesh},
  journal={Computer},
  volume={22},
  number={11},
  pages={37--48},
  year={1989},
  publisher={IEEE}
}

@article{knapp,
  title={Deadlock detection in distributed databases},
  author={Knapp, Edgar},
  journal={ACM Computing Surveys (CSUR)},
  volume={19},
  number={4},
  pages={303--328},
  year={1987},
  publisher={ACM}
}

@inproceedings{marino,
  title={Detecting deadlock in programs with data-centric synchronization},
  author={Marino, Daniel and Hammer, Christian and Dolby, Julian and Vaziri, Mandana and Tip, Frank and Vitek, Jakub},
  booktitle={Software Engineering (ICSE), 2013 35th International Conference on},
  pages={322--331},
  year={2013},
  organization={IEEE}
}

@book{marlow,
  title={Parallel and Concurrent Programming in Haskell: Techniques for Multicore and Multithreaded Programming},
  author={Marlow, Simon},
  year={2013},
  publisher={" O'Reilly Media, Inc."}
}

@misc{golang,
  title={Go Bootcamp},
  author={Aimonetti, Matt},
  note={URL: http://www.golangbootcamp.com/book/concurrency},
  year={2015}
}

@article{valor,
  title={Efficient, Software-Only Data Race Exceptions},
  author={Biswas, Swarnendu and Zhang, Minjia and Bond, Michael D and Lucia, Brandon},
  year={2015}
}

@article{dolby,
  title={A data-centric approach to synchronization},
  author={Dolby, Julian and Hammer, Christian and Marino, Daniel and Tip, Frank and Vaziri, Mandana and Vitek, Jan},
  journal={ACM Transactions on Programming Languages and Systems (TOPLAS)},
  volume={34},
  number={1},
  pages={4},
  year={2012},
  publisher={ACM}
}

@inproceedings{dawson,
  title={RacerX: effective, static detection of race conditions and deadlocks},
  author={Engler, Dawson and Ashcraft, Ken},
  booktitle={ACM SIGOPS Operating Systems Review},
  volume={37},
  number={5},
  pages={237--252},
  year={2003},
  organization={ACM}
}

@inproceedings{chand,
  title={Ownership types for safe programming: Preventing data races and deadlocks},
  author={Boyapati, Chandrasekhar and Lee, Robert and Rinard, Martin},
  booktitle={ACM SIGPLAN Notices},
  volume={37},
  number={11},
  pages={211--230},
  year={2002},
  organization={ACM}
}

@phdthesis{praun,
  title={Detecting synchronization defects in multi-threaded object-oriented programs},
  author={von Praun, Christoph},
  year={2004},
  school={ETH. Z{\"u}rich}
}

@inproceedings{vivek,
  title={Deadlock-detection in java-library using static-analysis},
  author={Shanbhag, Vivek K},
  booktitle={Software Engineering Conference, 2008. APSEC'08. 15th Asia-Pacific},
  pages={361--368},
  year={2008},
  organization={IEEE}
}

@article{cormac,
  title={PLDI 2002: Extended static checking for Java},
  author={Flanagan, Cormac and Leino, K Rustan M and Lillibridge, Mark and Nelson, Greg and Saxe, James B and Stata, Raymie},
  journal={ACM Sigplan Notices},
  volume={48},
  number={4S},
  pages={22--33},
  year={2013},
  publisher={ACM}
}

@incollection{williams,
  title={Static deadlock detection for Java libraries},
  author={Williams, Amy and Thies, William and Ernst, Michael D},
  booktitle={ECOOP 2005-Object-Oriented Programming},
  pages={602--629},
  year={2005},
  publisher={Springer}
}

@inproceedings{mcsdk,
  title={Multicore SDK: A Practical and Efficient Deadlock Detector for Real-World Applications},
  author={Da Luo, Zhi and Das, Raja and Qi, Yao},
  booktitle={Software Testing, Verification and Validation (ICST), 2011 IEEE Fourth International Conference on},
  pages={309--318},
  year={2011},
  organization={IEEE}
}

@inproceedings{tanter,
  title={Altering Java semantics via bytecode manipulation},
  author={Tanter, {\'E}ric and S{\'e}gura-Devillechaise, Marc and Noy{\'e}, Jacques and Piquer, Jos{\'e}},
  booktitle={Generative Programming and Component Engineering},
  pages={283--298},
  year={2002},
  organization={Springer}
}

@misc{contest,
  title={ConcurrentTesting - Advanced Testing for Multi-Threaded Java Applications},
  author={Farchi, Eitan and Tzoref, Rachel},
  note={URL: http://www.golangbootcamp.com/book/concurrency}
}

@inproceedings{magicfuzzer,
  title={MagicFuzzer: scalable deadlock detection for large-scale applications},
  author={Cai, Yan and Chan, WK},
  booktitle={Proceedings of the 34th International Conference on Software Engineering},
  pages={606--616},
  year={2012},
  organization={IEEE Press}
}

@inproceedings{pin,
  title={Pin: building customized program analysis tools with dynamic instrumentation},
  author={Luk, Chi-Keung and Cohn, Robert and Muth, Robert and Patil, Harish and Klauser, Artur and Lowney, Geoff and Wallace, Steven and Reddi, Vijay Janapa and Hazelwood, Kim},
  booktitle={ACM Sigplan Notices},
  volume={40},
  number={6},
  pages={190--200},
  year={2005},
  organization={ACM}
}

@misc{mysql,
  author = {MySQL},
  note = {URL: http://www.mysql.com},
  year = {2015},
}

@misc{firefox,
  author = {Firefox},
  note = {URL: http://www.mozilla.org/firefox},
  year = {2015},
}

@misc{chromium,
  author = {Chromium},
  note = {URL: http://code.google.com/chromium},
  year = {2015},
}

@inproceedings{sammati,
  title={Avoiding deadlock avoidance},
  author={Pyla, Hari K and Varadarajan, Srinidhi},
  booktitle={Proceedings of the 19th international conference on Parallel architectures and compilation techniques},
  pages={75--86},
  year={2010},
  organization={ACM}
}

@inproceedings{serenity,
  title={Transparent runtime deadlock elimination},
  author={Pyla, Hari K and Varadarajan, Srinidhi},
  booktitle={Proceedings of the 21st international conference on Parallel architectures and compilation techniques},
  pages={477--478},
  year={2012},
  organization={ACM}
}

@article{pyla,
  title={Safe Concurrent Programming and Execution},
  author={Pyla, Hari Krishna},
  year={2013},
  publisher={Virginia Tech}
}

@inproceedings{rx,
  title={Rx: treating bugs as allergies---a safe method to survive software failures},
  author={Qin, Feng and Tucek, Joseph and Sundaresan, Jagadeesan and Zhou, Yuanyuan},
  booktitle={ACM SIGOPS Operating Systems Review},
  volume={39},
  number={5},
  pages={235--248},
  year={2005},
  organization={ACM}
}

@article{havelund,
  title={Model checking java programs using java pathfinder},
  author={Havelund, Klaus and Pressburger, Thomas},
  journal={International Journal on Software Tools for Technology Transfer},
  volume={2},
  number={4},
  pages={366--381},
  year={2000},
  publisher={Springer}
}

@inproceedings{berger,
  title={Grace: Safe multithreaded programming for C/C++},
  author={Berger, Emery D and Yang, Ting and Liu, Tongping and Novark, Gene},
  booktitle={ACM Sigplan Notices},
  volume={44},
  number={10},
  pages={81--96},
  year={2009},
  organization={ACM}
}

@misc{splash,
  title={SPLASH-2},
  year={2014},
  note={URL: http://www.capsl.udel.edu/splash},
}

@inproceedings{phoenix,
  title={Evaluating mapreduce for multi-core and multiprocessor systems},
  author={Ranger, Colby and Raghuraman, Ramanan and Penmetsa, Arun and Bradski, Gary and Kozyrakis, Christos},
  booktitle={High Performance Computer Architecture, 2007. HPCA 2007. IEEE 13th International Symposium on},
  pages={13--24},
  year={2007},
  organization={Ieee}
}

@inproceedings{grechanik,
  title={Preventing database deadlocks in applications},
  author={Grechanik, Mark and Hossain, BM and Buy, Ugo and Wang, Haisheng},
  booktitle={Proceedings of the 2013 9th Joint Meeting on Foundations of Software Engineering},
  pages={356--366},
  year={2013},
  organization={ACM}
}

@inproceedings{ian,
  title={Locks, deadlocks and abstractions: experiences with multi-threaded programming at CloudFlare, Inc.},
  author={Pye, Ian},
  booktitle={Proceedings of the compilation of the co-located workshops on DSM'11, TMC'11, AGERE! 2011, AOOPES'11, NEAT'11, \& VMIL'11},
  pages={129--132},
  year={2011},
  organization={ACM}
}

@article{hansen,
  title={The programming language concurrent pascal},
  author={Hansen, Per Brinch},
  journal={Software Engineering, IEEE Transactions on},
  number={2},
  pages={199--207},
  year={1975},
  publisher={IEEE}
}

@misc{repo,
  title={GitHub},
  year={2015},
  note={URL: https://github.com/rafaelbrandao/java-lock-deadlock-exception},
}

@misc{orderedlock,
  title={OrderedLock},
  year={2014},
  note={URL: http://www.cct.lsu.edu/~rguidry/ecl31docs/api/org/eclipse/core/internal/jobs/OrderedLock.html},
}

@mastersthesis{sanchez,
  title={Latin Squares and Its Applications on Software Engineering},
  author={Sanchez, Iv√°n},
  year={2004},
  school={UFPE}
}

@mastersthesis{paola,
  title={Comparing Different Testing Strategies for Software Product Lines},
  author={Accioly, Paola},
  year={2012},
  school={UFPE}
}

@article{buse,
  title={Benefits and barriers of user evaluation in software engineering research},
  author={Buse, Raymond PL and Sadowski, Caitlin and Weimer, Westley},
  journal={ACM SIGPLAN Notices},
  volume={46},
  number={10},
  pages={643--656},
  year={2011},
  publisher={ACM}
}

@inproceedings{runes,
  title={Using students as experiment subjects--an analysis on graduate and freshmen student data},
  author={Runeson, Per},
  booktitle={Proceedings of the 7th International Conference on Empirical Assessment in Software Engineering.--Keele University, UK},
  pages={95--102},
  year={2003},
  organization={Citeseer}
}

@inproceedings{staron,
  title={Using Students as Subjects in Experiments--A Quantitative Analysis of the Influence of Experimentation on Students' Learning Proces},
  author={Staron, Miroslaw},
  booktitle={Software Engineering Education \& Training, 2007. CSEET'07. 20th Conference on},
  pages={221--228},
  year={2007},
  organization={IEEE}
}

@article{box,
  title={Statistics for experimenters: design, innovation, and discovery},
  author={Box, George EP and Hunter, J Stuart and Hunter, William G},
  journal={AMC},
  volume={10},
  pages={12},
  year={2005}
}

@article{agresti,
  title={A survey of exact inference for contingency tables},
  author={Agresti, Alan},
  journal={Statistical Science},
  pages={131--153},
  year={1992},
  publisher={JSTOR}
}

@inproceedings{lozi,
  title={Remote Core Locking: Migrating Critical-Section Execution to Improve the Performance of Multithreaded Applications.},
  author={Lozi, Jean-Pierre and David, Florian and Thomas, Ga{\"e}l and Lawall, Julia L and Muller, Gilles and others},
  booktitle={USENIX Annual Technical Conference},
  pages={65--76},
  year={2012}
}

